
@book{DesignPatterns,
author = {Gang of Four},
title = {Design Patterns: Elements of Reusable Object-Oriented Software},
year = {1994},
}


@online{colostate_RingElec,
author = {Colorado State University},
title = {RingElection},
year = {2003},
url = {http://www.cs.colostate.edu/~cs551/CourseNotes/Synchronization/RingElectExample.html},
}

@online{carleton,
author = {Andr√© Campeau},
title = {How Java RMI Works},
year = {2014},
url = {http://www.sce.carleton.ca/netmanage/simulator/rmi/RMIExplanation.htm},
}
