
@book{DesignPatterns,
author = {Gang of Four},
title = {Design Patterns: Elements of Reusable Object-Oriented Software},
year = {1994},
OPTeditor = {•},
OPTeditora = {•},
OPTeditorb = {•},
OPTeditorc = {•},
OPTtranslator = {•},
OPTannotator = {•},
OPTcommentator = {•},
OPTintroduction = {•},
OPTforeword = {•},
OPTafterword = {•},
OPTsubtitle = {•},
OPTtitleaddon = {•},
OPTmaintitle = {•},
OPTmainsubtitle = {•},
OPTmaintitleaddon = {•},
OPTlanguage = {•},
OPToriglanguage = {•},
OPTvolume = {•},
OPTpart = {•},
OPTedition = {•},
OPTvolumes = {•},
OPTseries = {•},
OPTnumber = {•},
OPTnote = {•},
OPTpublisher = {•},
OPTlocation = {•},
OPTisbn = {•},
OPTchapter = {•},
OPTpages = {•},
OPTpagetotal = {•},
OPTaddendum = {•},
OPTpubstate = {•},
OPTdoi = {•},
OPTeprint = {•},
OPTeprintclass = {•},
OPTeprinttype = {•},
OPTurl = {•},
OPTurldate = {•},
}

@book{Distributed systems,
author = {Coulouris, G., J. Dollimore, T. Kindberg, and G. Blair},
title = {Distributed systems: Concepts and design},
year = {2001},
OPTeditor = {Pearson},
OPTeditora = {•},
OPTeditorb = {•},
OPTeditorc = {•},
OPTtranslator = {•},
OPTannotator = {•},
OPTcommentator = {•},
OPTintroduction = {•},
OPTforeword = {•},
OPTafterword = {•},
OPTsubtitle = {•},
OPTtitleaddon = {•},
OPTmaintitle = {•},
OPTmainsubtitle = {•},
OPTmaintitleaddon = {•},
OPTlanguage = {•},
OPToriglanguage = {•},
OPTvolume = {•},
OPTpart = {•},
OPTedition = {•},
OPTvolumes = {•},
OPTseries = {•},
OPTnumber = {•},
OPTnote = {•},
OPTpublisher = {•},
OPTlocation = {•},
OPTisbn = {•},
OPTchapter = {•},
OPTpages = {•},
OPTpagetotal = {•},
OPTaddendum = {•},
OPTpubstate = {•},
OPTdoi = {•},
OPTeprint = {•},
OPTeprintclass = {•},
OPTeprinttype = {•},
OPTurl = {•},
OPTurldate = {•},
}
